@article{polychorda,
 adsnote = {Provided by the SAO/NASA Astrophysics Data System},
 adsurl = {https://ui.adsabs.harvard.edu/abs/2015MNRAS.450L..61H},
 archiveprefix = {arXiv},
 author = {{Handley}, W.~J. and {Hobson}, M.~P. and {Lasenby}, A.~N.},
 doi = {10.1093/mnrasl/slv047},
 eprint = {1502.01856},
 journal = {\mnras},
 keywords = {methods: data analysis, methods: statistical, Astrophysics - Cosmology and Nongalactic Astrophysics, Astrophysics - Instrumentation and Methods for Astrophysics},
 month = {June},
 pages = {L61-L65},
 primaryclass = {astro-ph.CO},
 title = {{polychord: nested sampling for cosmology.}},
 volume = {450},
 year = {2015}
}

@article{polychordb,
 adsnote = {Provided by the SAO/NASA Astrophysics Data System},
 adsurl = {https://ui.adsabs.harvard.edu/abs/2015MNRAS.453.4384H},
 archiveprefix = {arXiv},
 author = {{Handley}, W.~J. and {Hobson}, M.~P. and {Lasenby}, A.~N.},
 doi = {10.1093/mnras/stv1911},
 eprint = {1506.00171},
 journal = {\mnras},
 keywords = {methods: data analysis, methods: statistical, Astrophysics - Instrumentation and Methods for Astrophysics},
 month = {November},
 number = {4},
 pages = {4384-4398},
 primaryclass = {astro-ph.IM},
 title = {{POLYCHORD: next-generation nested sampling}},
 volume = {453},
 year = {2015}
}

@ARTICLE{multinesta,
       author = {{Feroz}, F. and {Hobson}, M.~P.},
        title = "{Multimodal nested sampling: an efficient and robust alternative to Markov Chain Monte Carlo methods for astronomical data analyses}",
      journal = {\mnras},
     keywords = {methods: data analysis, methods: statistical, Astrophysics},
         year = 2008,
        month = feb,
       volume = {384},
       number = {2},
        pages = {449-463},
          doi = {10.1111/j.1365-2966.2007.12353.x},
archivePrefix = {arXiv},
       eprint = {0704.3704},
 primaryClass = {astro-ph},
       adsurl = {https://ui.adsabs.harvard.edu/abs/2008MNRAS.384..449F},
      adsnote = {Provided by the SAO/NASA Astrophysics Data System}
}

@ARTICLE{multinestb,
       author = {{Feroz}, F. and {Hobson}, M.~P. and {Bridges}, M.},
        title = "{MULTINEST: an efficient and robust Bayesian inference tool for cosmology and particle physics}",
      journal = {\mnras},
     keywords = {methods: data analysis, methods: statistical, Astrophysics},
         year = 2009,
        month = oct,
       volume = {398},
       number = {4},
        pages = {1601-1614},
          doi = {10.1111/j.1365-2966.2009.14548.x},
archivePrefix = {arXiv},
       eprint = {0809.3437},
 primaryClass = {astro-ph},
       adsurl = {https://ui.adsabs.harvard.edu/abs/2009MNRAS.398.1601F},
      adsnote = {Provided by the SAO/NASA Astrophysics Data System}
}

@ARTICLE{multinestc,
       author = {{Feroz}, Farhan and {Hobson}, Michael P. and {Cameron}, Ewan and {Pettitt}, Anthony N.},
        title = "{Importance Nested Sampling and the MultiNest Algorithm}",
      journal = {The Open Journal of Astrophysics},
     keywords = {statistical methods, importance nested sampling, bayesian inference, Astrophysics - Instrumentation and Methods for Astrophysics, Physics - Data Analysis, Statistics and Probability, Statistics - Computation},
         year = 2019,
        month = nov,
       volume = {2},
       number = {1},
          eid = {10},
        pages = {10},
          doi = {10.21105/astro.1306.2144},
archivePrefix = {arXiv},
       eprint = {1306.2144},
 primaryClass = {astro-ph.IM},
       adsurl = {https://ui.adsabs.harvard.edu/abs/2019OJAp....2E..10F},
      adsnote = {Provided by the SAO/NASA Astrophysics Data System}
}

@ARTICLE{nsmethods,
       author = {{Buchner}, Johannes},
        title = "{Nested Sampling Methods}",
      journal = {Statistics Surveys},
     keywords = {Statistics - Computation, Astrophysics - Instrumentation and Methods for Astrophysics},
         year = 2023,
        month = jan,
       volume = {17},
        pages = {169-215},
          doi = {10.1214/23-SS144},
archivePrefix = {arXiv},
       eprint = {2101.09675},
 primaryClass = {stat.CO},
       adsurl = {https://ui.adsabs.harvard.edu/abs/2023StSur..17..169B},
      adsnote = {Provided by the SAO/NASA Astrophysics Data System}
}

@ARTICLE{ppsr,
       author = {{Handley}, Will J. and {Lasenby}, Anthony N. and {Peiris}, Hiranya V. and {Hobson}, Michael P.},
        title = "{Bayesian inflationary reconstructions from Planck 2018 data}",
      journal = {\prd},
     keywords = {Astrophysics - Cosmology and Nongalactic Astrophysics, Astrophysics - Instrumentation and Methods for Astrophysics, General Relativity and Quantum Cosmology},
         year = 2019,
        month = nov,
       volume = {100},
       number = {10},
          eid = {103511},
        pages = {103511},
          doi = {10.1103/PhysRevD.100.103511},
archivePrefix = {arXiv},
       eprint = {1908.00906},
 primaryClass = {astro-ph.CO},
       adsurl = {https://ui.adsabs.harvard.edu/abs/2019PhRvD.100j3511H},
      adsnote = {Provided by the SAO/NASA Astrophysics Data System}
}

@ARTICLE{flexknota,
       author = {{Heimersheim}, Stefan},
        title = "{What it takes to measure Reionization with Fast Radio Bursts}",
      journal = {arXiv e-prints},
     keywords = {Astrophysics - Cosmology and Nongalactic Astrophysics, Astrophysics - High Energy Astrophysical Phenomena, Astrophysics - Instrumentation and Methods for Astrophysics},
         year = 2022,
        month = mar,
          eid = {arXiv:2203.12645},
        pages = {arXiv:2203.12645},
          doi = {10.48550/arXiv.2203.12645},
archivePrefix = {arXiv},
       eprint = {2203.12645},
 primaryClass = {astro-ph.CO},
       adsurl = {https://ui.adsabs.harvard.edu/abs/2022arXiv220312645H},
      adsnote = {Provided by the SAO/NASA Astrophysics Data System}
}

@ARTICLE{flexknotb,
       author = {{Heimersheim}, Stefan and {R{\o}nneberg}, Leiv and {Linton}, Henry and {Pagani}, Filippo and {Fialkov}, Anastasia},
        title = "{FlexKnot and Gaussian Process for 21 cm global signal analysis and foreground separation}",
      journal = {\mnras},
     keywords = {methods: data analysis, intergalactic medium, dark ages, reionization, first stars, Astrophysics - Cosmology and Nongalactic Astrophysics, Astrophysics - Instrumentation and Methods for Astrophysics},
         year = 2024,
        month = feb,
       volume = {527},
       number = {4},
        pages = {11404-11421},
          doi = {10.1093/mnras/stad3936},
archivePrefix = {arXiv},
       eprint = {2310.05608},
 primaryClass = {astro-ph.CO},
       adsurl = {https://ui.adsabs.harvard.edu/abs/2024MNRAS.52711404H},
      adsnote = {Provided by the SAO/NASA Astrophysics Data System}
}

@ARTICLE{planck2018v,
       author = {{Planck Collaboration}},
        title = "{Planck 2018 results. V. CMB power spectra and likelihoods}",
      journal = {\aap},
     keywords = {cosmic background radiation, cosmology: observations, cosmological parameters, methods: data analysis, Astrophysics - Cosmology and Nongalactic Astrophysics},
         year = 2020,
        month = sep,
       volume = {641},
          eid = {A5},
        pages = {A5},
          doi = {10.1051/0004-6361/201936386},
archivePrefix = {arXiv},
       eprint = {1907.12875},
 primaryClass = {astro-ph.CO},
       adsurl = {https://ui.adsabs.harvard.edu/abs/2020A&A...641A...5P},
      adsnote = {Provided by the SAO/NASA Astrophysics Data System}
}

@ARTICLE{planck2018viii,
       author = {{Planck Collaboration}},
        title = "{Planck 2018 results. VIII. Gravitational lensing}",
      journal = {\aap},
     keywords = {gravitational lensing: weak, cosmological parameters, cosmic background radiation, large-scale structure of Universe, cosmology: observations, Astrophysics - Cosmology and Nongalactic Astrophysics},
         year = 2020,
        month = sep,
       volume = {641},
          eid = {A8},
        pages = {A8},
          doi = {10.1051/0004-6361/201833886},
archivePrefix = {arXiv},
       eprint = {1807.06210},
 primaryClass = {astro-ph.CO},
       adsurl = {https://ui.adsabs.harvard.edu/abs/2020A&A...641A...8P},
      adsnote = {Provided by the SAO/NASA Astrophysics Data System}
}

@article{sonkede,
 adsnote = {Provided by the SAO/NASA Astrophysics Data System},
 adsurl = {https://ui.adsabs.harvard.edu/abs/2016MNRAS.455.2461H},
 archiveprefix = {arXiv},
 author = {{Hee}, S. and Handley, W.~J. and {Hobson}, M.~P. and {Lasenby}, A.~N.},
 doi = {10.1093/mnras/stv2217},
 eprint = {1506.09024},
 journal = {\mnras},
 keywords = {equation of state, methods: data analysis, methods: statistical, cosmological parameters, dark energy, Astrophysics - Cosmology and Nongalactic Astrophysics, Astrophysics - Instrumentation and Methods for Astrophysics},
 month = {January},
 number = {3},
 pages = {2461-2473},
 primaryclass = {astro-ph.CO},
 title = {{Bayesian model selection without evidences: application to the dark energy equation-of-state}},
 volume = {455},
 year = {2016}
}

@article{2017MNRAS.466..369H,
 adsnote = {Provided by the SAO/NASA Astrophysics Data System},
 adsurl = {https://ui.adsabs.harvard.edu/abs/2017MNRAS.466..369H},
 archiveprefix = {arXiv},
 author = {{Hee}, S. and {V{\'a}zquez}, J.~A. and Handley, W.~J. and {Hobson}, M.~P. and {Lasenby}, A.~N.},
 doi = {10.1093/mnras/stw3102},
 eprint = {1607.00270},
 journal = {\mnras},
 keywords = {equation of state, methods: data analysis, methods: statistical, cosmological parameters, dark energy, Astrophysics - Cosmology and Nongalactic Astrophysics, Astrophysics - Instrumentation and Methods for Astrophysics},
 month = {April},
 number = {1},
 pages = {369-377},
 primaryclass = {astro-ph.CO},
 title = {{Constraining the dark energy equation of state using Bayes theorem and the Kullback-Leibler divergence}},
 volume = {466},
 year = {2017}
}

@article{2018BayAn..13..873H,
 adsnote = {Provided by the SAO/NASA Astrophysics Data System},
 adsurl = {https://ui.adsabs.harvard.edu/abs/2018BayAn..13..873H},
 archiveprefix = {arXiv},
 author = {{Higson}, Edward and Handley, Will and {Hobson}, Mike and {Lasenby}, Anthony},
 doi = {10.1214/17-BA1075},
 eprint = {1703.09701},
 journal = {Bayesian Analysis},
 keywords = {Statistics - Methodology, Astrophysics - Instrumentation and Methods for Astrophysics, Statistics - Applications, Statistics - Methodology, Astrophysics - Instrumentation and Methods for Astrophysics, Statistics - Applications},
 month = {March},
 number = {3},
 pages = {873-896},
 primaryclass = {stat.ME},
 title = {{Sampling Errors in Nested Sampling Parameter Estimation}},
 volume = {13},
 year = {2018}
}

@article{fgivenx,
 adsnote = {Provided by the SAO/NASA Astrophysics Data System},
 adsurl = {https://ui.adsabs.harvard.edu/abs/2018JOSS....3..849H},
 archiveprefix = {arXiv},
 author = {{Handley}, {Will} },
 doi = {10.21105/joss.00849},
 eprint = {1908.01711},
 journal = {\joss},
 keywords = {Astrophysics - Instrumentation and Methods for Astrophysics},
 month = {August},
 number = {28},
 pages = {849},
 primaryclass = {astro-ph.IM},
 title = {{fgivenx: A Python package for functional posterior plotting}},
 volume = {3},
 year = {2018}
}

@article{anesthetic,
 adsnote = {Provided by the SAO/NASA Astrophysics Data System},
 adsurl = {https://ui.adsabs.harvard.edu/abs/2019JOSS....4.1414H},
 archiveprefix = {arXiv},
 author = {{Handley}, {Will} },
 doi = {10.21105/joss.01414},
 eprint = {1905.04768},
 journal = {\joss},
 keywords = {Astrophysics - Instrumentation and Methods for Astrophysics, Astrophysics - Cosmology and Nongalactic Astrophysics, Astrophysics - Instrumentation and Methods for Astrophysics, Astrophysics - Cosmology and Nongalactic Astrophysics},
 month = {May},
 pages = {1414},
 primaryclass = {astro-ph.IM},
 title = {{anesthetic: nested sampling visualisation}},
 volume = {4},
 year = {2019}
}

@ARTICLE{insmultinest,
       author = {{Feroz}, Farhan and {Hobson}, Michael P. and {Cameron}, Ewan and {Pettitt}, Anthony N.},
        title = "{Importance Nested Sampling and the MultiNest Algorithm}",
      journal = {The Open Journal of Astrophysics},
     keywords = {statistical methods, importance nested sampling, bayesian inference, Astrophysics - Instrumentation and Methods for Astrophysics, Physics - Data Analysis, Statistics and Probability, Statistics - Computation},
         year = 2019,
        month = nov,
       volume = {2},
       number = {1},
          eid = {10},
        pages = {10},
          doi = {10.21105/astro.1306.2144},
archivePrefix = {arXiv},
       eprint = {1306.2144},
 primaryClass = {astro-ph.IM},
       adsurl = {https://ui.adsabs.harvard.edu/abs/2019OJAp....2E..10F},
      adsnote = {Provided by the SAO/NASA Astrophysics Data System}
}

@ARTICLE{dynesty,
       author = {{Speagle}, Joshua S.},
        title = "{DYNESTY: a dynamic nested sampling package for estimating Bayesian posteriors and evidences}",
      journal = {\mnras},
     keywords = {methods: data analysis, methods: statistical, Astrophysics - Instrumentation and Methods for Astrophysics, Statistics - Computation},
         year = 2020,
        month = apr,
       volume = {493},
       number = {3},
        pages = {3132-3158},
          doi = {10.1093/mnras/staa278},
archivePrefix = {arXiv},
       eprint = {1904.02180},
 primaryClass = {astro-ph.IM},
       adsurl = {https://ui.adsabs.harvard.edu/abs/2020MNRAS.493.3132S},
      adsnote = {Provided by the SAO/NASA Astrophysics Data System}
}

@ARTICLE{nestedfit,
       author = {{Trassinelli}, Martino},
        title = "{The Nested\_fit data analysis program}",
      journal = {arXiv e-prints},
     keywords = {Physics - Atomic Physics, Physics - Data Analysis, Statistics and Probability},
         year = 2019,
        month = jul,
          eid = {arXiv:1907.12259},
        pages = {arXiv:1907.12259},
          doi = {10.48550/arXiv.1907.12259},
archivePrefix = {arXiv},
       eprint = {1907.12259},
 primaryClass = {physics.atom-ph},
       adsurl = {https://ui.adsabs.harvard.edu/abs/2019arXiv190712259T},
      adsnote = {Provided by the SAO/NASA Astrophysics Data System}
}

@ARTICLE{ultranest,
       author = {{Buchner}, Johannes},
        title = "{UltraNest - a robust, general purpose Bayesian inference engine}",
      journal = {The Journal of Open Source Software},
     keywords = {C, Monte Carlo, Python, Nested Sampling, C++, Bayesian inference, Fortran, Bayes factors, Statistics - Computation, Astrophysics - Instrumentation and Methods for Astrophysics},
         year = 2021,
        month = apr,
       volume = {6},
       number = {60},
          eid = {3001},
        pages = {3001},
          doi = {10.21105/joss.03001},
archivePrefix = {arXiv},
       eprint = {2101.09604},
 primaryClass = {stat.CO},
       adsurl = {https://ui.adsabs.harvard.edu/abs/2021JOSS....6.3001B},
      adsnote = {Provided by the SAO/NASA Astrophysics Data System}
}

@article{pyclustering,
    doi         = {10.21105/joss.01230},
    url         = {https://doi.org/10.21105/joss.01230},
    year        = 2019,
    month       = {apr},
    publisher   = {The Open Journal},
    volume      = {4},
    number      = {36},
    pages       = {1230},
    author      = {Andrei Novikov},
    title       = {PyClustering: Data Mining Library},
    journal     = {Journal of Open Source Software}
}

@article{sklearn,
  title={Scikit-learn: Machine Learning in {P}ython},
  author={Pedregosa, F. and Varoquaux, G. and Gramfort, A. and Michel, V.
          and Thirion, B. and Grisel, O. and Blondel, M. and Prettenhofer, P.
          and Weiss, R. and Dubourg, V. and Vanderplas, J. and Passos, A. and
          Cournapeau, D. and Brucher, M. and Perrot, M. and Duchesnay, E.},
  journal={Journal of Machine Learning Research},
  volume={12},
  pages={2825--2830},
  year={2011}
}

@INPROCEEDINGS{skilling,
       author = {{Skilling}, John},
        title = "{Nested Sampling}",
     keywords = {02.50.Tt, Inference methods},
    booktitle = {Bayesian Inference and Maximum Entropy Methods in Science and Engineering: 24th International Workshop on Bayesian Inference and Maximum Entropy Methods in Science and Engineering},
         year = 2004,
       editor = {{Fischer}, Rainer and {Preuss}, Roland and {Toussaint}, Udo Von},
       series = {American Institute of Physics Conference Series},
       volume = {735},
        month = nov,
    publisher = {AIP},
        pages = {395-405},
          doi = {10.1063/1.1835238},
       adsurl = {https://ui.adsabs.harvard.edu/abs/2004AIPC..735..395S},
      adsnote = {Provided by the SAO/NASA Astrophysics Data System}
}

@ARTICLE{nature,
       author = {{Ashton}, Greg and {Bernstein}, Noam and {Buchner}, Johannes and {Chen}, Xi and {Cs{\'a}nyi}, G{\'a}bor and {Fowlie}, Andrew and {Feroz}, Farhan and {Griffiths}, Matthew and {Handley}, Will and {Habeck}, Michael and {Higson}, Edward and {Hobson}, Michael and {Lasenby}, Anthony and {Parkinson}, David and {P{\'a}rtay}, Livia B. and {Pitkin}, Matthew and {Schneider}, Doris and {Speagle}, Joshua S. and {South}, Leah and {Veitch}, John and {Wacker}, Philipp and {Wales}, David J. and {Yallup}, David},
        title = "{Nested sampling for physical scientists}",
      journal = {Nature Reviews Methods Primers},
     keywords = {Statistics - Computation, Astrophysics - Cosmology and Nongalactic Astrophysics, Astrophysics - Instrumentation and Methods for Astrophysics, Condensed Matter - Materials Science, High Energy Physics - Phenomenology},
         year = 2022,
        month = may,
       volume = {2},
          eid = {39},
        pages = {39},
          doi = {10.1038/s43586-022-00121-x},
archivePrefix = {arXiv},
       eprint = {2205.15570},
 primaryClass = {stat.CO},
       adsurl = {https://ui.adsabs.harvard.edu/abs/2022NRvMP...2...39A},
      adsnote = {Provided by the SAO/NASA Astrophysics Data System}
}

@ARTICLE{ggns,
       author = {{Lemos}, Pablo and {Malkin}, Nikolay and {Handley}, Will and {Bengio}, Yoshua and {Hezaveh}, Yashar and {Perreault-Levasseur}, Laurence},
        title = "{Improving Gradient-guided Nested Sampling for Posterior Inference}",
      journal = {arXiv e-prints},
     keywords = {Computer Science - Machine Learning, Statistics - Computation, Statistics - Methodology, Statistics - Machine Learning},
         year = 2023,
        month = dec,
          eid = {arXiv:2312.03911},
        pages = {arXiv:2312.03911},
          doi = {10.48550/arXiv.2312.03911},
archivePrefix = {arXiv},
       eprint = {2312.03911},
 primaryClass = {cs.LG},
       adsurl = {https://ui.adsabs.harvard.edu/abs/2023arXiv231203911L},
      adsnote = {Provided by the SAO/NASA Astrophysics Data System}
}
